<?xml version="1.0" encoding="UTF-8"?><collection xmlns="http://www.loc.gov/MARC21/slim"><record><leader>00292nam--2200121-i-4500</leader><controlfield tag="001">000002811</controlfield><controlfield tag="002">20161230</controlfield><controlfield tag="005">20161230201025</controlfield><controlfield tag="008">060222s1000------------r-----000-0-eng-d</controlfield><datafield ind1=" " ind2=" " tag="100"><subfield code="a">Dingle, Herbert</subfield></datafield><datafield ind1=" " ind2=" " tag="245"><subfield code="a">The special theory of relativity</subfield></datafield><datafield ind1=" " ind2=" " tag="260"><subfield code="a">London, Methuen, 1955</subfield></datafield><datafield ind1=" " ind2=" " tag="490"><subfield code="a">Vii+94p</subfield></datafield></record></collection>